@article{valentine1991unified,
  title={A unified account of the effects of distinctiveness, inversion, and race in face recognition},
  author={Valentine, Tim},
  journal={The Quarterly Journal of Experimental Psychology Section A},
  volume={43},
  number={2},
  pages={161--204},
  year={1991},
  publisher={SAGE Publications Sage UK: London, England}
}

@article{lee2000caricature,
  title={Caricature effects, distinctiveness, and identification: Testing the face-space framework},
  author={Lee, Kieran and Byatt, Graham and Rhodes, Gillian},
  journal={Psychological science},
  volume={11},
  number={5},
  pages={379--385},
  year={2000},
  publisher={SAGE Publications Sage CA: Los Angeles, CA}
}

@article{leopold2001prototype,
  title={Prototype-referenced shape encoding revealed by high-level aftereffects},
  author={Leopold, David A and O'Toole, Alice J and Vetter, Thomas and Blanz, Volker},
  journal={Nature neuroscience},
  volume={4},
  number={1},
  pages={89},
  year={2001},
  publisher={Nature Publishing Group}
}

@article{jiang2007role,
  title={The role of familiarity in three-dimensional view-transferability of face identity adaptation},
  author={Jiang, Fang and Blanz, Volker and O’Toole, Alice J},
  journal={Vision Research},
  volume={47},
  number={4},
  pages={525--531},
  year={2007},
  publisher={Elsevier}
}

@article{slater2010shaping,
  title={The shaping of the face space in early infancy: Becoming a native face processor},
  author={Slater, Alan and Quinn, Paul C and Kelly, David J and Lee, Kang and Longmore, Christopher A and McDonald, Paula R and Pascalis, Olivier},
  journal={Child development perspectives},
  volume={4},
  number={3},
  pages={205--211},
  year={2010},
  publisher={Wiley Online Library}
}

@article{o1994structural,
  title={Structural aspects of face recognition and the other-race effect},
  author={O’toole, Alice J and Deffenbacher, Kenneth A and Valentin, Dominique and Abdi, Herve},
  journal={Memory \& Cognition},
  volume={22},
  number={2},
  pages={208--224},
  year={1994},
  publisher={Springer}
}

@article{feingold1914influence,
  title={Influence of environment on identification of persons and things},
  author={Feingold, Gustave A},
  journal={J. Am. Inst. Crim. L. \& Criminology},
  volume={5},
  pages={39},
  year={1914},
  publisher={HeinOnline}
}

@article{rhodes1989race,
  title={Race sensitivity in face recognition: An effect of different encoding processes},
  author={Rhodes, Gillian and Tan, Shirley and Brake, Susan and Taylor, Karyn},
  journal={Cognition in individual and social contexts},
  pages={83--90},
  year={1989},
  publisher={Elsevier Amsterdam}
}

@article{webster2004adaptation,
  title={Adaptation to natural facial categories},
  author={Webster, Michael A and Kaping, Daniel and Mizokami, Yoko and Duhamel, Paul},
  journal={Nature},
  volume={428},
  number={6982},
  pages={557},
  year={2004},
  publisher={Nature Publishing Group}
}

@article{sinha2006face,
  title={Face recognition by humans: Nineteen results all computer vision researchers should know about},
  author={Sinha, Pawan and Balas, Benjamin and Ostrovsky, Yuri and Russell, Richard},
  journal={Proceedings of the IEEE},
  volume={94},
  number={11},
  pages={1948--1962},
  year={2006},
  publisher={IEEE}
}

@article{harmon1973masking,
  title={Masking in visual recognition: Effects of two-dimensional filtered noise},
  author={Harmon, Leon D and Julesz, Bela},
  journal={Science},
  volume={180},
  number={4091},
  pages={1194--1197},
  year={1973},
  publisher={American Association for the Advancement of Science}
}

@article{hole2002effects,
  title={Effects of geometric distortions on face-recognition performance},
  author={Hole, Graham J and George, Patricia A and Eaves, Karen and Rasek, Ayman},
  journal={Perception},
  volume={31},
  number={10},
  pages={1221--1240},
  year={2002},
  publisher={SAGE Publications Sage UK: London, England}
}

@article{gilad2018recognizing,
  title={Recognizing facial slivers},
  author={Gilad-Gutnick, Sharon and Harmatz, Elia Samuel and Tsourides, Kleovoulos and Yovel, Galit and Sinha, Pawan},
  journal={Journal of cognitive neuroscience},
  volume={30},
  number={7},
  pages={951--962},
  year={2018},
  publisher={MIT Press}
}

@article{guntupalli2016disentangling,
  title={Disentangling the representation of identity from head view along the human face processing pathway},
  author={Guntupalli, J Swaroop and Wheeler, Kelsey G and Gobbini, M Ida},
  journal={Cerebral Cortex},
  volume={27},
  number={1},
  pages={46--53},
  year={2016},
  publisher={Oxford University Press}
}

@article{guntupalli2017reading,
  title={Reading faces: from features to recognition},
  author={Guntupalli, J Swaroop and Gobbini, M Ida},
  journal={Trends in cognitive sciences},
  volume={21},
  number={12},
  pages={915--916},
  year={2017},
  publisher={Elsevier}
}

@article{visconti2014facilitated,
  title={Facilitated detection of social cues conveyed by familiar faces},
  author={Visconti di Oleggio Castello, Matteo and Guntupalli, J Swaroop and Yang, Hua and Gobbini, M Ida},
  journal={Frontiers in human neuroscience},
  volume={8},
  pages={678},
  year={2014},
  publisher={Frontiers}
}

@article{chauhan2017social,
  title={Social Saliency of the Cue Slows Attention Shifts},
  author={Chauhan, Vassiki and Visconti di Oleggio Castello, Matteo and Soltani, Alireza and Gobbini, Maria Ida},
  journal={Frontiers in psychology},
  volume={8},
  pages={738},
  year={2017},
  publisher={Frontiers}
}

@article{ramon2018familiarity,
  title={Familiarity matters: A review on prioritized processing of personally familiar faces},
  author={Ramon, Meike and Gobbini, Maria Ida},
  journal={Visual Cognition},
  volume={26},
  number={3},
  pages={179--195},
  year={2018},
  publisher={Taylor \& Francis}
}

@article{angeli2008face,
  title={Face familiarity, distinctiveness, and categorical perception},
  author={Angeli, Adriana and Davidoff, Jules and Valentine, Tim},
  journal={The Quarterly Journal of Experimental Psychology},
  volume={61},
  number={5},
  pages={690--707},
  year={2008},
  publisher={Taylor \& Francis}
}

@article{rhodes2003fitting,
  title={Fitting the mind to the world: Face adaptation and attractiveness aftereffects},
  author={Rhodes, Gillian and Jeffery, Linda and Watson, Tamara L and Clifford, Colin WG and Nakayama, Ken},
  journal={Psychological science},
  volume={14},
  number={6},
  pages={558--566},
  year={2003},
  publisher={SAGE Publications Sage CA: Los Angeles, CA}
}

@incollection{harnad1987psychophysical,
  title={Psychophysical and cognitive aspects of categorical perception: A critical overview},
  author={Harnad, Stevan},
  booktitle={Categorical perception: The groundwork of cognition},
  pages={1--52},
  year={1987},
  publisher={Cambridge University Press}
}

@article{beale1995categorical,
  title={Categorical effects in the perception of faces},
  author={Beale, James M and Keil, Frank C},
  journal={Cognition},
  volume={57},
  number={3},
  pages={217--239},
  year={1995},
  publisher={Elsevier}
}

@article{rotshtein2005morphing,
  title={Morphing Marilyn into Maggie dissociates physical and identity face representations in the brain},
  author={Rotshtein, Pia and Henson, Richard NA and Treves, Alessandro and Driver, Jon and Dolan, Raymond J},
  journal={Nature neuroscience},
  volume={8},
  number={1},
  pages={107},
  year={2005},
  publisher={Nature Publishing Group}
}

@article{kaufmann2004expression,
  title={Expression influences the recognition of familiar faces},
  author={Kaufmann, J{\"u}rgen M and Schweinberger, Stefan R},
  journal={Perception},
  volume={33},
  number={4},
  pages={399--408},
  year={2004},
  publisher={SAGE Publications Sage UK: London, England}
}

@article{kikutani2008s,
  title={What’s in the name? Categorical perception for unfamiliar faces can occur through labeling},
  author={Kikutani, M and Roberson, D and Hanley, JR},
  journal={Psychonomic bulletin \& review},
  volume={15},
  number={4},
  pages={787--794},
  year={2008},
  publisher={Springer}
}

@article{ramon2016real,
  title={Real-life experience with personally familiar faces enhances discrimination based on global information},
  author={Ramon, Meike and Van Belle, Goedele},
  journal={PeerJ},
  volume={4},
  pages={e1465},
  year={2016},
  publisher={PeerJ Inc.}
}

@article{stevenage1998twin,
  title={Which twin are you? A demonstration of induced categorical perception of identical twin faces},
  author={Stevenage, Sarah V},
  journal={British Journal of Psychology},
  volume={89},
  number={1},
  pages={39--57},
  year={1998},
  publisher={Wiley Online Library}
}

@article{natu2016development,
  title={Development of neural sensitivity to face identity correlates with perceptual discriminability},
  author={Natu, Vaidehi S and Barnett, Michael A and Hartley, Jake and Gomez, Jesse and Stigliani, Anthony and Grill-Spector, Kalanit},
  journal={Journal of Neuroscience},
  volume={36},
  number={42},
  pages={10893--10907},
  year={2016},
  publisher={Soc Neuroscience}
}

@article{jacques2006speed,
  title={The speed of individual face categorization},
  author={Jacques, Corentin and Rossion, Bruno},
  journal={Psychological science},
  volume={17},
  number={6},
  pages={485--492},
  year={2006},
  publisher={SAGE Publications Sage CA: Los Angeles, CA}
}

@article{mckone2014face,
  title={Face identity aftereffects increase monotonically with adaptor extremity over, but not beyond, the range of natural faces},
  author={McKone, Elinor and Jeffery, Linda and Boeing, Alexandra and Clifford, Colin WG and Rhodes, Gillian},
  journal={Vision Research},
  volume={98},
  pages={1--13},
  year={2014},
  publisher={Elsevier}
}

@article{brainard1997psychophysics,
  title={The psychophysics toolbox},
  author={Brainard, David H and Vision, Spatial},
  journal={Spatial vision},
  volume={10},
  pages={433--436},
  year={1997},
  publisher={VSP}
}

@article{kleiner2007s,
  title={What's new in Psychtoolbox-3?},
  author={Kleiner, Mario and Brainard, David and Pelli, Denis},
  year={2007},
  publisher={Pion Ltd.}
}

@article{willenbockel2010controlling,
  title={Controlling low-level image properties: the SHINE toolbox},
  author={Willenbockel, Verena and Sadr, Javid and Fiset, Daniel and Horne, Greg O and Gosselin, Fr{\'e}d{\'e}ric and Tanaka, James W},
  journal={Behavior research methods},
  volume={42},
  number={3},
  pages={671--684},
  year={2010},
  publisher={Springer}
}

@article{fox2012package,
  title={Package ‘car’},
  author={Fox, John and Weisberg, Sanford and Adler, Daniel and Bates, Douglas and Baud-Bovy, Gabriel and Ellison, Steve and Firth, David and Friendly, Michael and Gorjanc, Gregor and Graves, Spencer and others},
  journal={Vienna: R Foundation for Statistical Computing},
  year={2012}
}

@article{bates2011package,
  title={Package ‘lme4’},
  author={Bates, Douglas and Maechler, Martin and Bolker, Ben and Walker, Steven and Christensen, Rune Haubo Bojesen and Singmann, Henrik and Dai, Bin and Scheipl, Fabian and Grothendieck, Gabor},
  journal={Linear mixed-effects models using S4 classes. R package version},
  pages={1--1},
  year={2011}
}
@article{wickham2011ggplot2,
  title={ggplot2},
  author={Wickham, Hadley},
  journal={Wiley Interdisciplinary Reviews: Computational Statistics},
  volume={3},
  number={2},
  pages={180--185},
  year={2011},
  publisher={Wiley Online Library}
}

@article{tanaka1998mapping,
  title={Mapping attractor fields in face space: the atypicality bias in face recognition},
  author={Tanaka, James and Giles, Michael and Kremen, Sarah and Simon, Valerie},
  journal={Cognition},
  volume={68},
  number={3},
  pages={199--220},
  year={1998},
  publisher={Elsevier}
}

@article{wilson2006learning,
  title={Learning alters local face space geometry},
  author={Wilson, Hugh R and Diaconescu, Andreea},
  journal={Vision research},
  volume={46},
  number={24},
  pages={4143--4151},
  year={2006},
  publisher={Elsevier}
}

@article{faerber2016role,
  title={The role of familiarity for representations in norm-based face space},
  author={Faerber, Stella J and Kaufmann, J{\"u}rgen M and Leder, Helmut and Martin, Eva Maria and Schweinberger, Stefan R},
  journal={PloS one},
  volume={11},
  number={5},
  pages={e0155380},
  year={2016},
  publisher={Public Library of Science}
}

@article{chiroro1995investigation,
  title={An investigation of the contact hypothesis of the own-race bias in face recognition},
  author={Chiroro, Patrick and Valentine, Tim},
  journal={The Quarterly Journal of Experimental Psychology Section A},
  volume={48},
  number={4},
  pages={879--894},
  year={1995},
  publisher={SAGE Publications Sage UK: London, England}
}

@article{jenkins2011variability,
  title={Variability in photos of the same face},
  author={Jenkins, Rob and White, David and Van Montfort, Xandra and Burton, A Mike},
  journal={Cognition},
  volume={121},
  number={3},
  pages={313--323},
  year={2011},
  publisher={Elsevier}
}

@article{rhodes2009race,
  title={Race coding and the other-race effect in face recognition},
  author={Rhodes, Gillian and Locke, Vance and Ewing, Louise and Evangelista, Emma},
  journal={Perception},
  volume={38},
  number={2},
  pages={232--241},
  year={2009},
  publisher={SAGE Publications Sage UK: London, England}
}

@article{kuznetsova2017lmertest,
  title={lmerTest package: tests in linear mixed effects models},
  author={Kuznetsova, Alexandra and Brockhoff, Per B and Christensen, Rune Haubo Bojesen},
  journal={Journal of Statistical Software},
  volume={82},
  number={13},
  year={2017},
  publisher={The Foundation for Open Access Statistics}
}

@article{di2018idiosyncratic,
  title={Idiosyncratic, retinotopic bias in face identification modulated by familiarity},
  author={di Oleggio Castello, Matteo Visconti and Taylor, Morgan and Cavanagh, Patrick and Gobbini, M Ida},
  journal={eNeuro},
  volume={5},
  number={5},
  year={2018},
  publisher={Society for Neuroscience}
}

@article{di2017familiarity,
  title={Familiarity facilitates feature-based face processing},
  author={di Oleggio Castello, Matteo Visconti and Wheeler, Kelsey G and Cipolli, Carlo and Gobbini, M Ida},
  journal={PloS one},
  volume={12},
  number={6},
  year={2017},
  publisher={Public Library of Science}
}

@article{di2017neural,
  title={The neural representation of personally familiar and unfamiliar faces in the distributed system for face perception},
  author={di Oleggio Castello, Matteo Visconti and Halchenko, Yaroslav O and Guntupalli, J Swaroop and Gors, Jason D and Gobbini, M Ida},
  journal={Scientific reports},
  volume={7},
  number={1},
  pages={1--14},
  year={2017},
  publisher={Nature Publishing Group}
}




